@inproceedings{agrawal94fast,
    author = "Rakesh Agrawal and Ramakrishnan Srikant",
    title = "Fast Algorithms for Mining Association Rules",
    booktitle = "Proceedings of 20th International Conference on Very Large Data Bases",
    publisher = "Morgan Kaufmann",
    isbn = "1-55860-153-8",
    pages = "487--499",
    year = "1994",
    url = "http://citeseer.ist.psu.edu/article/agrawal94fast.html"
}


@article{agrawal96parallel,
    author = "Rakesh Agrawal and John C. Shafer",
    title = "Parallel mining of association rules",
    journal = "IEEE Transactions On Knowledge And Data Engineering",
    address = "IBM Corp, Almaden Res Ctr, 650 Harry Rd, San Jose, Ca, 95120",
    volume = "8",
    number = "6",
    pages = "962--969",
    year = "1996",
    url = "citeseer.ist.psu.edu/agrawal96parallel.html"
}

@inproceedings{ han00mining,
    author = "Jiawei Han and Jian Pei and Yiwen Yin",
    title = "Mining frequent patterns without candidate generation",
    booktitle = "2000 ACM SIGMOD International Conference on Management of Data",
    publisher = "ACM Press",
    isbn = "1-58113-218-2",
    pages = "1--12",
    year = "2000",
    url = "citeseer.ist.psu.edu/han99mining.html",
    url = "citeseer.nj.nec.com/han99mining.html" 
}

@inproceedings{zaki97newalgorithms,
    author = {M. J. Zaki and S. Parthasarathy and M. Ogihara and W. Li},
    title = {New Algorithms for Fast Discovery of Association Rules},
    booktitle = {3rd International Conference on Knowledge Discovery and Data Mining},
    year = {1997},
    pages = {283--286},
    publisher = {AAAI Press}
}




@inproceedings{kuramochi2001frequent,
  title={Frequent subgraph discovery},
  author={Kuramochi, M. and Karypis, G.},
  booktitle={Data Mining, 2001. ICDM 2001, Proceedings IEEE International Conference on},
  pages={313--320},
  year={2001},
  organization={IEEE}
}

@inproceedings{gspan,
    author = {Yan, Xifeng and Han, Jiawei},
    title = {gSpan: Graph-Based Substructure Pattern Mining},
    booktitle = {Proceedings of the 2002 IEEE International Conference on Data Mining},
    series = {ICDM '02},
    year = {2002},
    pages = {721--724},
    url = {http://dl.acm.org/citation.cfm?id=844380.844811},
    acmid = {844811},
    publisher = {IEEE Computer Society},
    address = {Washington, DC, USA}
}



